@article{Grunin2023,
  title = {Time-Domain NMR Techniques in Cellulose Structure Analysis},
  volume = {54},
  ISSN = {1613-7507},
  url = {http://dx.doi.org/10.1007/s00723-023-01600-4},
  DOI = {10.1007/s00723-023-01600-4},
  number = {10},
  journal = {Applied Magnetic Resonance},
  publisher = {Springer Science and Business Media LLC},
  author = {Grunin,  Leonid and Ivanova,  Maria and Schiraya,  Veronika and Grunina,  Tatiana},
  year = {2023},
  month = aug,
  pages = {929–955}
}

@article{vanRooyen2024,
  title = {Unravelling temperature-dependent molecular changes in hydrated wheat and maize starches using 1H time-domain NMR},
  volume = {375},
  ISSN = {0260-8774},
  url = {http://dx.doi.org/10.1016/j.jfoodeng.2024.112041},
  DOI = {10.1016/j.jfoodeng.2024.112041},
  journal = {Journal of Food Engineering},
  publisher = {Elsevier BV},
  author = {van Rooyen,  Jana and Grunin,  Leonid and Oztop,  Mecit and Kruk,  Danuta and Manley,  Marena},
  year = {2024},
  month = aug,
  pages = {112041}
}

@article{Grunin2017,
  title = {An NMR relaxation and spin diffusion study of cellulose structure during water adsorption},
  volume = {62},
  ISSN = {1555-6654},
  url = {http://dx.doi.org/10.1134/S0006350917020087},
  DOI = {10.1134/s0006350917020087},
  number = {2},
  journal = {Biophysics},
  publisher = {Pleiades Publishing Ltd},
  author = {Grunin,  L. Y. and Grunin,  Y. B. and Nikolskaya,  E. A. and Sheveleva,  N. N. and Nikolaev,  I. A.},
  year = {2017},
  month = mar,
  pages = {198–206}
}

@article{Grunin2019,
  title = {Exploring the crystallinity of different powder sugars through solid echo and magic sandwich echo sequences},
  volume = {57},
  ISSN = {1097-458X},
  url = {http://dx.doi.org/10.1002/mrc.4866},
  DOI = {10.1002/mrc.4866},
  number = {9},
  journal = {Magnetic Resonance in Chemistry},
  publisher = {Wiley},
  author = {Grunin,  Leonid and Oztop,  Mecit Halil and Guner,  Selen and Baltaci,  Saadet Fatma},
  year = {2019},
  month = jun,
  pages = {607–615}
}

@article{Gorbunova2022,
  title = {The effect of separation of blocks on the crystallization kinetics and phase composition of poly(butylene adipate) in multi-block thermoplastic polyurethanes},
  volume = {24},
  ISSN = {1463-9084},
  url = {http://dx.doi.org/10.1039/D1CP04684E},
  DOI = {10.1039/d1cp04684e},
  number = {2},
  journal = {Physical Chemistry Chemical Physics},
  publisher = {Royal Society of Chemistry (RSC)},
  author = {Gorbunova,  Marina A. and Komov,  Evgenii V. and Grunin,  Leonid Yu. and Ivanova,  Mariya S. and Abukaev,  Ainur F. and Imamutdinova,  Arina M. and Ivanov,  Dimitri A. and Anokhin,  Denis V.},
  year = {2022},
  pages = {902–913}
}

@article{Besghini2019,
  title = {Time Domain NMR in Polymer Science: From the Laboratory to the Industry},
  volume = {9},
  ISSN = {2076-3417},
  url = {http://dx.doi.org/10.3390/app9091801},
  DOI = {10.3390/app9091801},
  number = {9},
  journal = {Applied Sciences},
  publisher = {MDPI AG},
  author = {Besghini,  Denise and Mauri,  Michele and Simonutti,  Roberto},
  year = {2019},
  month = apr,
  pages = {1801}
}

@article{Rntzsch2018,
  title = {Polymer crystallinity and crystallization kinetics via benchtop 1H NMR relaxometry: Revisited method,  data analysis,  and experiments on common polymers},
  volume = {145},
  ISSN = {0032-3861},
  url = {http://dx.doi.org/10.1016/j.polymer.2018.04.066},
  DOI = {10.1016/j.polymer.2018.04.066},
  journal = {Polymer},
  publisher = {Elsevier BV},
  author = {R\"{a}ntzsch,  Volker and Haas,  Manuel and \"{O}zen,  M\"{u}r\"{u}vvet B. and Ratzsch,  Karl-Friedrich and Riazi,  Kamran and Kauffmann-Weiss,  Sandra and Palacios,  Jordana K. and M\"{u}ller,  Alejandro J. and Vittorias,  Iakovos and Gisela Guthausen and Wilhelm,  Manfred},
  year = {2018},
  month = jun,
  pages = {162–173}
}